<record><leader>00000cas a22000007a 4500</leader><controlfield tag="001">11603471</controlfield><controlfield tag="008">850122d18671876cauwr ne      0    0eng d</controlfield><datafield ind1=" " ind2=" " tag="010"><subfield code="a">sn 85025219 </subfield></datafield><datafield ind1=" " ind2=" " tag="040"><subfield code="a">NPX</subfield><subfield code="b">eng</subfield><subfield code="c">NPX</subfield><subfield code="d">CNK</subfield><subfield code="d">OCLCQ</subfield></datafield><datafield ind1=" " ind2=" " tag="042"><subfield code="a">msc</subfield></datafield><datafield ind1="0" ind2=" " tag="130"><subfield code="a">Weekly Sutter banner (Yuba City, Calif. : 1867)</subfield></datafield><datafield ind1="1" ind2="4" tag="245"><subfield code="a">The weekly Sutter banner.</subfield></datafield><datafield ind1=" " ind2=" " tag="260"><subfield code="a">Yuba City, Cal. :</subfield><subfield code="b">Maxwell &amp; Stewart</subfield></datafield><datafield ind1=" " ind2=" " tag="300"><subfield code="a">v.</subfield></datafield><datafield ind1=" " ind2=" " tag="310"><subfield code="a">Weekly</subfield></datafield><datafield ind1="0" ind2=" " tag="362"><subfield code="a">Vol. 1, no. 1 (Apr. 8, 1867)-v. 10, no. 39 (Dec. 14, 1876).</subfield></datafield><datafield ind1=" " ind2="4" tag="651"><subfield code="a">Sutter County (Calif.)</subfield><subfield code="v">Newspapers.</subfield></datafield><datafield ind1=" " ind2=" " tag="752"><subfield code="a">United States</subfield><subfield code="b">California</subfield><subfield code="c">Sutter</subfield><subfield code="d">Yuba City.</subfield></datafield><datafield ind1="0" ind2="0" tag="785"><subfield code="t">Sutter weekly banner</subfield><subfield code="w">(DLC)sn 93051019</subfield></datafield><datafield ind1="1" ind2=" " tag="029"><subfield code="a">AU@</subfield><subfield code="b">000020624395</subfield></datafield></record>